@incollection{cardelli_luca_type_systems,
    author        = "Luca Cardelli",
    title         = "Type Systems",
    booktitle     = "Handbook of Computer Science and Engineering",
    publisher     = "CRC Press",
    year          = "2004",
    chapter       = "97",
    edition   = "Second"
}

@inproceedings{deursen_refactoring_test_code,
  author        = "Arie van Deursen and Leon Moonen and Alex van den Bergh and                   Gerard Kok",
  title         = "Refactoring Test Code",
  booktitle     = "Proceedings of the 2nd international conference on extreme                    programming and flexible processes in software engineering                    (XP2001)",
  year          = "2001"
}

@inproceedings{hanenberg_typing_experiment,
  title={An experiment about static and dynamic type systems: Doubts about the positive impact of static type systems on development time},
  author={Stefan Hanenberg},
  booktitle={ACM Sigplan Notices},
  volume={45},
  number={10},
  pages={22--35},
  year={2010},
  organization={ACM}
}

@inproceedings{ray_large_scale_study,
  title={A large scale study of programming languages and code quality in github},
  author={Baishakhi Ray and Daryl Posnett and Vladimir Filkov and Premkumar Devanbu},
  booktitle={Proceedings of the 22nd ACM SIGSOFT International Symposium on Foundations of Software Engineering},
  pages={155--165},
  year={2014},
  organization={ACM}
}